@GLOSSDEF{DDoS,
word       = {DDoS},
definition = {Ataque de Denegación de Servicio}
}

@GLOSSDEF{CPD,
word       = {CPD},
definition = {Centro de Protección de Datos}
}
